%YAML 1.1
%TAG !u! tag:unity3d.com,2011:
--- !u!29 &1
OcclusionCullingSettings:
  m_ObjectHideFlags: 0
  serializedVersion: 2
  m_OcclusionBakeSettings:
    smallestOccluder: 5
    smallestHole: 0.25
    backfaceThreshold: 100
  m_SceneGUID: 00000000000000000000000000000000
  m_OcclusionCullingData: {fileID: 0}
--- !u!104 &2
RenderSettings:
  m_ObjectHideFlags: 0
  serializedVersion: 8
  m_Fog: 0
  m_FogColor: {r: 0.5, g: 0.5, b: 0.5, a: 1}
  m_FogMode: 3
  m_FogDensity: 0.01
  m_LinearFogStart: 0
  m_LinearFogEnd: 300
  m_AmbientSkyColor: {r: 0.212, g: 0.227, b: 0.259, a: 1}
  m_AmbientEquatorColor: {r: 0.114, g: 0.125, b: 0.133, a: 1}
  m_AmbientGroundColor: {r: 0.047, g: 0.043, b: 0.035, a: 1}
  m_AmbientIntensity: 1
  m_AmbientMode: 3
  m_SubtractiveShadowColor: {r: 0.42, g: 0.478, b: 0.627, a: 1}
  m_SkyboxMaterial: {fileID: 0}
  m_HaloStrength: 0.5
  m_FlareStrength: 1
  m_FlareFadeSpeed: 3
  m_HaloTexture: {fileID: 0}
  m_SpotCookie: {fileID: 10001, guid: 0000000000000000e000000000000000, type: 0}
  m_DefaultReflectionMode: 0
  m_DefaultReflectionResolution: 128
  m_ReflectionBounces: 1
  m_ReflectionIntensity: 1
  m_CustomReflection: {fileID: 0}
  m_Sun: {fileID: 0}
  m_IndirectSpecularColor: {r: 0, g: 0, b: 0, a: 1}
--- !u!157 &3
LightmapSettings:
  m_ObjectHideFlags: 0
  serializedVersion: 11
  m_GIWorkflowMode: 1
  m_GISettings:
    serializedVersion: 2
    m_BounceScale: 1
    m_IndirectOutputScale: 1
    m_AlbedoBoost: 1
    m_TemporalCoherenceThreshold: 1
    m_EnvironmentLightingMode: 0
    m_EnableBakedLightmaps: 0
    m_EnableRealtimeLightmaps: 0
  m_LightmapEditorSettings:
    serializedVersion: 9
    m_Resolution: 2
    m_BakeResolution: 40
    m_TextureWidth: 1024
    m_TextureHeight: 1024
    m_AO: 0
    m_AOMaxDistance: 1
    m_CompAOExponent: 1
    m_CompAOExponentDirect: 0
    m_Padding: 2
    m_LightmapParameters: {fileID: 0}
    m_LightmapsBakeMode: 1
    m_TextureCompression: 1
    m_FinalGather: 0
    m_FinalGatherFiltering: 1
    m_FinalGatherRayCount: 256
    m_ReflectionCompression: 2
    m_MixedBakeMode: 2
    m_BakeBackend: 0
    m_PVRSampling: 1
    m_PVRDirectSampleCount: 32
    m_PVRSampleCount: 500
    m_PVRBounces: 2
    m_PVRFilterTypeDirect: 0
    m_PVRFilterTypeIndirect: 0
    m_PVRFilterTypeAO: 0
    m_PVRFilteringMode: 1
    m_PVRCulling: 1
    m_PVRFilteringGaussRadiusDirect: 1
    m_PVRFilteringGaussRadiusIndirect: 5
    m_PVRFilteringGaussRadiusAO: 2
    m_PVRFilteringAtrousPositionSigmaDirect: 0.5
    m_PVRFilteringAtrousPositionSigmaIndirect: 2
    m_PVRFilteringAtrousPositionSigmaAO: 1
  m_LightingDataAsset: {fileID: 0}
  m_UseShadowmask: 1
--- !u!196 &4
NavMeshSettings:
  serializedVersion: 2
  m_ObjectHideFlags: 0
  m_BuildSettings:
    serializedVersion: 2
    agentTypeID: 0
    agentRadius: 0.5
    agentHeight: 2
    agentSlope: 45
    agentClimb: 0.4
    ledgeDropHeight: 0
    maxJumpAcrossDistance: 0
    minRegionArea: 2
    manualCellSize: 0
    cellSize: 0.16666667
    manualTileSize: 0
    tileSize: 256
    accuratePlacement: 0
    debug:
      m_Flags: 0
  m_NavMeshData: {fileID: 0}
--- !u!1001 &11311157
Prefab:
  m_ObjectHideFlags: 0
  serializedVersion: 2
  m_Modification:
    m_TransformParent: {fileID: 0}
    m_Modifications:
    - target: {fileID: 4311322974562904, guid: 473af96b1b4c1e847ab8578471c0f74e, type: 2}
      propertyPath: m_LocalPosition.x
      value: -8.63
      objectReference: {fileID: 0}
    - target: {fileID: 4311322974562904, guid: 473af96b1b4c1e847ab8578471c0f74e, type: 2}
      propertyPath: m_LocalPosition.y
      value: -2.88
      objectReference: {fileID: 0}
    - target: {fileID: 4311322974562904, guid: 473af96b1b4c1e847ab8578471c0f74e, type: 2}
      propertyPath: m_LocalPosition.z
      value: -10
      objectReference: {fileID: 0}
    - target: {fileID: 4311322974562904, guid: 473af96b1b4c1e847ab8578471c0f74e, type: 2}
      propertyPath: m_LocalRotation.x
      value: 0
      objectReference: {fileID: 0}
    - target: {fileID: 4311322974562904, guid: 473af96b1b4c1e847ab8578471c0f74e, type: 2}
      propertyPath: m_LocalRotation.y
      value: 0
      objectReference: {fileID: 0}
    - target: {fileID: 4311322974562904, guid: 473af96b1b4c1e847ab8578471c0f74e, type: 2}
      propertyPath: m_LocalRotation.z
      value: 0
      objectReference: {fileID: 0}
    - target: {fileID: 4311322974562904, guid: 473af96b1b4c1e847ab8578471c0f74e, type: 2}
      propertyPath: m_LocalRotation.w
      value: 1
      objectReference: {fileID: 0}
    - target: {fileID: 4311322974562904, guid: 473af96b1b4c1e847ab8578471c0f74e, type: 2}
      propertyPath: m_RootOrder
      value: 0
      objectReference: {fileID: 0}
    - target: {fileID: 114082587231480736, guid: 473af96b1b4c1e847ab8578471c0f74e,
        type: 2}
      propertyPath: playerOne
      value: 
      objectReference: {fileID: 0}
    - target: {fileID: 114082587231480736, guid: 473af96b1b4c1e847ab8578471c0f74e,
        type: 2}
      propertyPath: playerTwo
      value: 
      objectReference: {fileID: 0}
    - target: {fileID: 114082587231480736, guid: 473af96b1b4c1e847ab8578471c0f74e,
        type: 2}
      propertyPath: secondAreaPlayerOne
      value: 
      objectReference: {fileID: 0}
    - target: {fileID: 114082587231480736, guid: 473af96b1b4c1e847ab8578471c0f74e,
        type: 2}
      propertyPath: secondAreaPlayerTwo
      value: 
      objectReference: {fileID: 0}
    - target: {fileID: 114082587231480736, guid: 473af96b1b4c1e847ab8578471c0f74e,
        type: 2}
      propertyPath: c
      value: 
      objectReference: {fileID: 2112075429}
    - target: {fileID: 114082587231480736, guid: 473af96b1b4c1e847ab8578471c0f74e,
        type: 2}
      propertyPath: c2
      value: 
      objectReference: {fileID: 1661837874}
    - target: {fileID: 114402568939242684, guid: 473af96b1b4c1e847ab8578471c0f74e,
        type: 2}
      propertyPath: spawnerPlayerOne
      value: 
      objectReference: {fileID: 1711913567}
    - target: {fileID: 114402568939242684, guid: 473af96b1b4c1e847ab8578471c0f74e,
        type: 2}
      propertyPath: spawnerPlayerTwo
      value: 
      objectReference: {fileID: 2087456866}
    - target: {fileID: 114082587231480736, guid: 473af96b1b4c1e847ab8578471c0f74e,
        type: 2}
      propertyPath: firstArea
      value: 
      objectReference: {fileID: 523588938}
    - target: {fileID: 114082587231480736, guid: 473af96b1b4c1e847ab8578471c0f74e,
        type: 2}
      propertyPath: secondArea
      value: 
      objectReference: {fileID: 1572019683}
    m_RemovedComponents: []
  m_ParentPrefab: {fileID: 100100000, guid: 473af96b1b4c1e847ab8578471c0f74e, type: 2}
  m_IsPrefabParent: 0
--- !u!1 &24811405
GameObject:
  m_ObjectHideFlags: 0
  m_PrefabParentObject: {fileID: 1120610556954100, guid: 1459d1dca71ec9a4eb108941c2b8be85,
    type: 2}
  m_PrefabInternal: {fileID: 0}
  serializedVersion: 5
  m_Component:
  - component: {fileID: 24811406}
  - component: {fileID: 1661837874}
  - component: {fileID: 24811409}
  - component: {fileID: 24811408}
  - component: {fileID: 24811407}
  m_Layer: 0
  m_Name: Main Camera
  m_TagString: MainCamera
  m_Icon: {fileID: 0}
  m_NavMeshLayer: 0
  m_StaticEditorFlags: 0
  m_IsActive: 1
--- !u!4 &24811406
Transform:
  m_ObjectHideFlags: 0
  m_PrefabParentObject: {fileID: 4806231119423128, guid: 1459d1dca71ec9a4eb108941c2b8be85,
    type: 2}
  m_PrefabInternal: {fileID: 0}
  m_GameObject: {fileID: 24811405}
  m_LocalRotation: {x: -0, y: -0, z: -0, w: 1}
  m_LocalPosition: {x: 5.7790766, y: -0.17353725, z: -8.629787}
  m_LocalScale: {x: 1, y: 1, z: 1}
  m_Children: []
  m_Father: {fileID: 480127060}
  m_RootOrder: 0
  m_LocalEulerAnglesHint: {x: 0, y: 0, z: 0}
--- !u!114 &24811407
MonoBehaviour:
  m_ObjectHideFlags: 0
  m_PrefabParentObject: {fileID: 114934563650965990, guid: 1459d1dca71ec9a4eb108941c2b8be85,
    type: 2}
  m_PrefabInternal: {fileID: 0}
  m_GameObject: {fileID: 24811405}
  m_Enabled: 1
  m_EditorHideFlags: 0
  m_Script: {fileID: 11500000, guid: ffb9c3f0b3bc08e458d800f492d29fd9, type: 3}
  m_Name: 
  m_EditorClassIdentifier: 
  player: {fileID: 2033405283}
--- !u!81 &24811408
AudioListener:
  m_ObjectHideFlags: 0
  m_PrefabParentObject: {fileID: 81463501721320060, guid: 1459d1dca71ec9a4eb108941c2b8be85,
    type: 2}
  m_PrefabInternal: {fileID: 0}
  m_GameObject: {fileID: 24811405}
  m_Enabled: 0
--- !u!124 &24811409
Behaviour:
  m_ObjectHideFlags: 0
  m_PrefabParentObject: {fileID: 124614637487582230, guid: 1459d1dca71ec9a4eb108941c2b8be85,
    type: 2}
  m_PrefabInternal: {fileID: 0}
  m_GameObject: {fileID: 24811405}
  m_Enabled: 1
--- !u!1 &179318190
GameObject:
  m_ObjectHideFlags: 0
  m_PrefabParentObject: {fileID: 1989277751148594, guid: f271449c1aa9896489d82af6760a4a99,
    type: 2}
  m_PrefabInternal: {fileID: 0}
  serializedVersion: 5
  m_Component:
  - component: {fileID: 179318191}
  - component: {fileID: 2112075429}
  - component: {fileID: 179318194}
  - component: {fileID: 179318193}
  - component: {fileID: 179318192}
  m_Layer: 0
  m_Name: Main Camera
  m_TagString: MainCamera
  m_Icon: {fileID: 0}
  m_NavMeshLayer: 0
  m_StaticEditorFlags: 0
  m_IsActive: 1
--- !u!4 &179318191
Transform:
  m_ObjectHideFlags: 0
  m_PrefabParentObject: {fileID: 4551455071338580, guid: f271449c1aa9896489d82af6760a4a99,
    type: 2}
  m_PrefabInternal: {fileID: 0}
  m_GameObject: {fileID: 179318190}
  m_LocalRotation: {x: -0, y: -0, z: -0, w: 1}
  m_LocalPosition: {x: 5.7790766, y: -0.17353725, z: -8.629787}
  m_LocalScale: {x: 1, y: 1, z: 1}
  m_Children: []
  m_Father: {fileID: 1785157789}
  m_RootOrder: 0
  m_LocalEulerAnglesHint: {x: 0, y: 0, z: 0}
--- !u!114 &179318192
MonoBehaviour:
  m_ObjectHideFlags: 0
  m_PrefabParentObject: {fileID: 114094683577905382, guid: f271449c1aa9896489d82af6760a4a99,
    type: 2}
  m_PrefabInternal: {fileID: 0}
  m_GameObject: {fileID: 179318190}
  m_Enabled: 1
  m_EditorHideFlags: 0
  m_Script: {fileID: 11500000, guid: ffb9c3f0b3bc08e458d800f492d29fd9, type: 3}
  m_Name: 
  m_EditorClassIdentifier: 
  player: {fileID: 1835800499}
--- !u!81 &179318193
AudioListener:
  m_ObjectHideFlags: 0
  m_PrefabParentObject: {fileID: 81150499627620180, guid: f271449c1aa9896489d82af6760a4a99,
    type: 2}
  m_PrefabInternal: {fileID: 0}
  m_GameObject: {fileID: 179318190}
  m_Enabled: 1
--- !u!124 &179318194
Behaviour:
  m_ObjectHideFlags: 0
  m_PrefabParentObject: {fileID: 124965077945676654, guid: f271449c1aa9896489d82af6760a4a99,
    type: 2}
  m_PrefabInternal: {fileID: 0}
  m_GameObject: {fileID: 179318190}
  m_Enabled: 1
--- !u!1 &229157833
GameObject:
  m_ObjectHideFlags: 0
  m_PrefabParentObject: {fileID: 1558344382465968, guid: 1459d1dca71ec9a4eb108941c2b8be85,
    type: 2}
  m_PrefabInternal: {fileID: 0}
  serializedVersion: 5
  m_Component:
  - component: {fileID: 229157834}
  - component: {fileID: 229157836}
  - component: {fileID: 229157835}
  m_Layer: 0
  m_Name: Floor
  m_TagString: Floor
  m_Icon: {fileID: 0}
  m_NavMeshLayer: 0
  m_StaticEditorFlags: 0
  m_IsActive: 1
--- !u!4 &229157834
Transform:
  m_ObjectHideFlags: 0
  m_PrefabParentObject: {fileID: 4257278712602412, guid: 1459d1dca71ec9a4eb108941c2b8be85,
    type: 2}
  m_PrefabInternal: {fileID: 0}
  m_GameObject: {fileID: 229157833}
  m_LocalRotation: {x: -0, y: -0, z: -0, w: 1}
  m_LocalPosition: {x: 5.7790766, y: -4.3235373, z: 0.110212326}
  m_LocalScale: {x: 8, y: 0.5, z: 1}
  m_Children: []
  m_Father: {fileID: 480127060}
  m_RootOrder: 4
  m_LocalEulerAnglesHint: {x: 0, y: 0, z: 0}
--- !u!61 &229157835
BoxCollider2D:
  m_ObjectHideFlags: 0
  m_PrefabParentObject: {fileID: 61176994033209776, guid: 1459d1dca71ec9a4eb108941c2b8be85,
    type: 2}
  m_PrefabInternal: {fileID: 0}
  m_GameObject: {fileID: 229157833}
  m_Enabled: 1
  m_Density: 1
  m_Material: {fileID: 0}
  m_IsTrigger: 0
  m_UsedByEffector: 0
  m_UsedByComposite: 0
  m_Offset: {x: 0.025671482, y: 0}
  m_SpriteTilingProperty:
    border: {x: 0, y: 0, z: 0, w: 0}
    pivot: {x: 0.5, y: 0.5}
    oldSize: {x: 2.5, y: 2.5}
    newSize: {x: 2.5, y: 2.5}
    adaptiveTilingThreshold: 0.5
    drawMode: 0
    adaptiveTiling: 0
  m_AutoTiling: 0
  serializedVersion: 2
  m_Size: {x: 2.448657, y: 2.5}
  m_EdgeRadius: 0
--- !u!212 &229157836
SpriteRenderer:
  m_ObjectHideFlags: 0
  m_PrefabParentObject: {fileID: 212485695012001370, guid: 1459d1dca71ec9a4eb108941c2b8be85,
    type: 2}
  m_PrefabInternal: {fileID: 0}
  m_GameObject: {fileID: 229157833}
  m_Enabled: 1
  m_CastShadows: 0
  m_ReceiveShadows: 0
  m_DynamicOccludee: 1
  m_MotionVectors: 1
  m_LightProbeUsage: 1
  m_ReflectionProbeUsage: 1
  m_Materials:
  - {fileID: 10754, guid: 0000000000000000f000000000000000, type: 0}
  m_StaticBatchInfo:
    firstSubMesh: 0
    subMeshCount: 0
  m_StaticBatchRoot: {fileID: 0}
  m_ProbeAnchor: {fileID: 0}
  m_LightProbeVolumeOverride: {fileID: 0}
  m_ScaleInLightmap: 1
  m_PreserveUVs: 0
  m_IgnoreNormalsForChartDetection: 0
  m_ImportantGI: 0
  m_StitchLightmapSeams: 0
  m_SelectedEditorRenderState: 0
  m_MinimumChartSize: 4
  m_AutoUVMaxDistance: 0.5
  m_AutoUVMaxAngle: 89
  m_LightmapParameters: {fileID: 0}
  m_SortingLayerID: 0
  m_SortingLayer: 0
  m_SortingOrder: 0
  m_Sprite: {fileID: 21300000, guid: 28577c8f2d8028349a40c6581b20fdcb, type: 3}
  m_Color: {r: 1, g: 1, b: 1, a: 1}
  m_FlipX: 0
  m_FlipY: 0
  m_DrawMode: 0
  m_Size: {x: 2.5, y: 2.5}
  m_AdaptiveModeThreshold: 0.5
  m_SpriteTileMode: 0
  m_WasSpriteAssigned: 1
  m_MaskInteraction: 0
--- !u!1 &279577491
GameObject:
  m_ObjectHideFlags: 0
  m_PrefabParentObject: {fileID: 1350164036932230, guid: 1459d1dca71ec9a4eb108941c2b8be85,
    type: 2}
  m_PrefabInternal: {fileID: 0}
  serializedVersion: 5
  m_Component:
  - component: {fileID: 279577492}
  m_Layer: 0
  m_Name: spawn1
  m_TagString: Untagged
  m_Icon: {fileID: 0}
  m_NavMeshLayer: 0
  m_StaticEditorFlags: 0
  m_IsActive: 1
--- !u!4 &279577492
Transform:
  m_ObjectHideFlags: 0
  m_PrefabParentObject: {fileID: 4297649139174812, guid: 1459d1dca71ec9a4eb108941c2b8be85,
    type: 2}
  m_PrefabInternal: {fileID: 0}
  m_GameObject: {fileID: 279577491}
  m_LocalRotation: {x: 0, y: 0, z: 0, w: 1}
  m_LocalPosition: {x: 4.41, y: -0.77, z: 0}
  m_LocalScale: {x: 1, y: 1, z: 1}
  m_Children: []
  m_Father: {fileID: 2087456867}
  m_RootOrder: 1
  m_LocalEulerAnglesHint: {x: 0, y: 0, z: 0}
--- !u!1 &464639947
GameObject:
  m_ObjectHideFlags: 0
  m_PrefabParentObject: {fileID: 1744932644826762, guid: f271449c1aa9896489d82af6760a4a99,
    type: 2}
  m_PrefabInternal: {fileID: 0}
  serializedVersion: 5
  m_Component:
  - component: {fileID: 464639948}
  - component: {fileID: 464639950}
  - component: {fileID: 464639949}
  m_Layer: 0
  m_Name: Obstacle
  m_TagString: Untagged
  m_Icon: {fileID: 0}
  m_NavMeshLayer: 0
  m_StaticEditorFlags: 0
  m_IsActive: 1
--- !u!4 &464639948
Transform:
  m_ObjectHideFlags: 0
  m_PrefabParentObject: {fileID: 4116939135118188, guid: f271449c1aa9896489d82af6760a4a99,
    type: 2}
  m_PrefabInternal: {fileID: 0}
  m_GameObject: {fileID: 464639947}
  m_LocalRotation: {x: -0, y: -0, z: -0, w: 1}
  m_LocalPosition: {x: 4.6990767, y: -3.1935372, z: 0.29771233}
  m_LocalScale: {x: 0.3, y: 0.3, z: 1}
  m_Children: []
  m_Father: {fileID: 1785157789}
  m_RootOrder: 3
  m_LocalEulerAnglesHint: {x: 0, y: 0, z: 0}
--- !u!61 &464639949
BoxCollider2D:
  m_ObjectHideFlags: 0
  m_PrefabParentObject: {fileID: 61777271263606842, guid: f271449c1aa9896489d82af6760a4a99,
    type: 2}
  m_PrefabInternal: {fileID: 0}
  m_GameObject: {fileID: 464639947}
  m_Enabled: 1
  m_Density: 1
  m_Material: {fileID: 0}
  m_IsTrigger: 0
  m_UsedByEffector: 0
  m_UsedByComposite: 0
  m_Offset: {x: 0, y: 0}
  m_SpriteTilingProperty:
    border: {x: 0, y: 0, z: 0, w: 0}
    pivot: {x: 0.5, y: 0.5}
    oldSize: {x: 3.1, y: 3.1}
    newSize: {x: 3.1, y: 3.1}
    adaptiveTilingThreshold: 0.5
    drawMode: 0
    adaptiveTiling: 0
  m_AutoTiling: 0
  serializedVersion: 2
  m_Size: {x: 3.1, y: 3.1}
  m_EdgeRadius: 0
--- !u!212 &464639950
SpriteRenderer:
  m_ObjectHideFlags: 0
  m_PrefabParentObject: {fileID: 212418936113985500, guid: f271449c1aa9896489d82af6760a4a99,
    type: 2}
  m_PrefabInternal: {fileID: 0}
  m_GameObject: {fileID: 464639947}
  m_Enabled: 1
  m_CastShadows: 0
  m_ReceiveShadows: 0
  m_DynamicOccludee: 1
  m_MotionVectors: 1
  m_LightProbeUsage: 1
  m_ReflectionProbeUsage: 1
  m_Materials:
  - {fileID: 10754, guid: 0000000000000000f000000000000000, type: 0}
  m_StaticBatchInfo:
    firstSubMesh: 0
    subMeshCount: 0
  m_StaticBatchRoot: {fileID: 0}
  m_ProbeAnchor: {fileID: 0}
  m_LightProbeVolumeOverride: {fileID: 0}
  m_ScaleInLightmap: 1
  m_PreserveUVs: 0
  m_IgnoreNormalsForChartDetection: 0
  m_ImportantGI: 0
  m_StitchLightmapSeams: 0
  m_SelectedEditorRenderState: 0
  m_MinimumChartSize: 4
  m_AutoUVMaxDistance: 0.5
  m_AutoUVMaxAngle: 89
  m_LightmapParameters: {fileID: 0}
  m_SortingLayerID: 0
  m_SortingLayer: 0
  m_SortingOrder: 0
  m_Sprite: {fileID: 21300000, guid: 7b797e3416404dc42b7f7fd7a299f9c0, type: 3}
  m_Color: {r: 1, g: 1, b: 1, a: 1}
  m_FlipX: 0
  m_FlipY: 0
  m_DrawMode: 0
  m_Size: {x: 3.1, y: 3.1}
  m_AdaptiveModeThreshold: 0.5
  m_SpriteTileMode: 0
  m_WasSpriteAssigned: 1
  m_MaskInteraction: 0
--- !u!1 &480127059
GameObject:
  m_ObjectHideFlags: 0
  m_PrefabParentObject: {fileID: 1209201684823764, guid: 1459d1dca71ec9a4eb108941c2b8be85,
    type: 2}
  m_PrefabInternal: {fileID: 0}
  serializedVersion: 5
  m_Component:
  - component: {fileID: 480127060}
  m_Layer: 0
  m_Name: PlayerTwo
  m_TagString: Untagged
  m_Icon: {fileID: 0}
  m_NavMeshLayer: 0
  m_StaticEditorFlags: 0
  m_IsActive: 1
--- !u!4 &480127060
Transform:
  m_ObjectHideFlags: 0
  m_PrefabParentObject: {fileID: 4597507685738738, guid: 1459d1dca71ec9a4eb108941c2b8be85,
    type: 2}
  m_PrefabInternal: {fileID: 0}
  m_GameObject: {fileID: 480127059}
  m_LocalRotation: {x: 0, y: 0, z: 0, w: 1}
  m_LocalPosition: {x: -5.7790766, y: -9.18, z: -10.110212}
  m_LocalScale: {x: 1, y: 1, z: 1}
  m_Children:
  - {fileID: 24811406}
  - {fileID: 2033405284}
  - {fileID: 2087456867}
  - {fileID: 1219617691}
  - {fileID: 229157834}
  m_Father: {fileID: 0}
  m_RootOrder: 2
  m_LocalEulerAnglesHint: {x: 0, y: 0, z: 0}
--- !u!1 &517078831
GameObject:
  m_ObjectHideFlags: 0
  m_PrefabParentObject: {fileID: 1272754003855496, guid: f271449c1aa9896489d82af6760a4a99,
    type: 2}
  m_PrefabInternal: {fileID: 0}
  serializedVersion: 5
  m_Component:
  - component: {fileID: 517078832}
  m_Layer: 0
  m_Name: spawn1
  m_TagString: Untagged
  m_Icon: {fileID: 0}
  m_NavMeshLayer: 0
  m_StaticEditorFlags: 0
  m_IsActive: 1
--- !u!4 &517078832
Transform:
  m_ObjectHideFlags: 0
  m_PrefabParentObject: {fileID: 4093528875455972, guid: f271449c1aa9896489d82af6760a4a99,
    type: 2}
  m_PrefabInternal: {fileID: 0}
  m_GameObject: {fileID: 517078831}
  m_LocalRotation: {x: 0, y: 0, z: 0, w: 1}
  m_LocalPosition: {x: 4.41, y: -0.77, z: 0}
  m_LocalScale: {x: 1, y: 1, z: 1}
  m_Children: []
  m_Father: {fileID: 1711913568}
  m_RootOrder: 1
  m_LocalEulerAnglesHint: {x: 0, y: 0, z: 0}
--- !u!1 &523588938
GameObject:
  m_ObjectHideFlags: 0
  m_PrefabParentObject: {fileID: 0}
  m_PrefabInternal: {fileID: 0}
  serializedVersion: 5
  m_Component:
  - component: {fileID: 523588942}
  - component: {fileID: 523588941}
  - component: {fileID: 523588939}
  - component: {fileID: 523588943}
  m_Layer: 0
  m_Name: FirstArea
  m_TagString: Untagged
  m_Icon: {fileID: 0}
  m_NavMeshLayer: 0
  m_StaticEditorFlags: 0
  m_IsActive: 1
--- !u!50 &523588939
Rigidbody2D:
  serializedVersion: 4
  m_ObjectHideFlags: 0
  m_PrefabParentObject: {fileID: 0}
  m_PrefabInternal: {fileID: 0}
  m_GameObject: {fileID: 523588938}
  m_BodyType: 0
  m_Simulated: 1
  m_UseFullKinematicContacts: 0
  m_UseAutoMass: 0
  m_Mass: 1
  m_LinearDrag: 0
  m_AngularDrag: 0.05
  m_GravityScale: 0
  m_Material: {fileID: 0}
  m_Interpolate: 0
  m_SleepingMode: 1
  m_CollisionDetection: 0
  m_Constraints: 0
--- !u!61 &523588941
BoxCollider2D:
  m_ObjectHideFlags: 0
  m_PrefabParentObject: {fileID: 0}
  m_PrefabInternal: {fileID: 0}
  m_GameObject: {fileID: 523588938}
  m_Enabled: 1
  m_Density: 1
  m_Material: {fileID: 0}
  m_IsTrigger: 1
  m_UsedByEffector: 0
  m_UsedByComposite: 0
  m_Offset: {x: -0.30706012, y: 3.6847267}
  m_SpriteTilingProperty:
    border: {x: 0, y: 0, z: 0, w: 0}
    pivot: {x: 0, y: 0}
    oldSize: {x: 0, y: 0}
    newSize: {x: 0, y: 0}
    adaptiveTilingThreshold: 0
    drawMode: 0
    adaptiveTiling: 0
  m_AutoTiling: 0
  serializedVersion: 2
  m_Size: {x: 2.6888368, y: 18.041882}
  m_EdgeRadius: 0
--- !u!4 &523588942
Transform:
  m_ObjectHideFlags: 0
  m_PrefabParentObject: {fileID: 0}
  m_PrefabInternal: {fileID: 0}
  m_GameObject: {fileID: 523588938}
  m_LocalRotation: {x: 0, y: 0, z: 0, w: 1}
  m_LocalPosition: {x: -2.66, y: -8.54, z: -9.868812}
  m_LocalScale: {x: 1, y: 1, z: 1}
  m_Children: []
  m_Father: {fileID: 0}
  m_RootOrder: 3
  m_LocalEulerAnglesHint: {x: 0, y: 0, z: 0}
--- !u!114 &523588943
MonoBehaviour:
  m_ObjectHideFlags: 0
  m_PrefabParentObject: {fileID: 0}
  m_PrefabInternal: {fileID: 0}
  m_GameObject: {fileID: 523588938}
  m_Enabled: 1
  m_EditorHideFlags: 0
  m_Script: {fileID: 11500000, guid: e46e5fabcae420c46ac45c69a6b25f0a, type: 3}
  m_Name: 
  m_EditorClassIdentifier: 
  playerInside: 0
  playerTwoInside: 0
--- !u!1 &528388375
GameObject:
  m_ObjectHideFlags: 0
  m_PrefabParentObject: {fileID: 1324005558718596, guid: 1459d1dca71ec9a4eb108941c2b8be85,
    type: 2}
  m_PrefabInternal: {fileID: 0}
  serializedVersion: 5
  m_Component:
  - component: {fileID: 528388376}
  - component: {fileID: 528388377}
  m_Layer: 0
  m_Name: FloorSpawner
  m_TagString: Untagged
  m_Icon: {fileID: 0}
  m_NavMeshLayer: 0
  m_StaticEditorFlags: 0
  m_IsActive: 1
--- !u!4 &528388376
Transform:
  m_ObjectHideFlags: 0
  m_PrefabParentObject: {fileID: 4685652639579018, guid: 1459d1dca71ec9a4eb108941c2b8be85,
    type: 2}
  m_PrefabInternal: {fileID: 0}
  m_GameObject: {fileID: 528388375}
  m_LocalRotation: {x: -0, y: -0, z: -0, w: 1}
  m_LocalPosition: {x: 48.1, y: -3.3249998, z: 0.18877983}
  m_LocalScale: {x: 2.5, y: 2.5, z: 1}
  m_Children: []
  m_Father: {fileID: 2033405284}
  m_RootOrder: 1
  m_LocalEulerAnglesHint: {x: 0, y: 0, z: 0}
--- !u!114 &528388377
MonoBehaviour:
  m_ObjectHideFlags: 0
  m_PrefabParentObject: {fileID: 114773145790957138, guid: 1459d1dca71ec9a4eb108941c2b8be85,
    type: 2}
  m_PrefabInternal: {fileID: 0}
  m_GameObject: {fileID: 528388375}
  m_Enabled: 1
  m_EditorHideFlags: 0
  m_Script: {fileID: 11500000, guid: 56300955d69ffa741aca5efe9bac2a61, type: 3}
  m_Name: 
  m_EditorClassIdentifier: 
  floor: {fileID: 1643986912019326, guid: c60b19ee5b8560f4b9a4976a3acc0cb4, type: 2}
--- !u!1 &633367139
GameObject:
  m_ObjectHideFlags: 0
  m_PrefabParentObject: {fileID: 1526374174436020, guid: f271449c1aa9896489d82af6760a4a99,
    type: 2}
  m_PrefabInternal: {fileID: 0}
  serializedVersion: 5
  m_Component:
  - component: {fileID: 633367140}
  - component: {fileID: 633367141}
  m_Layer: 0
  m_Name: FloorSpawner
  m_TagString: Untagged
  m_Icon: {fileID: 0}
  m_NavMeshLayer: 0
  m_StaticEditorFlags: 0
  m_IsActive: 1
--- !u!4 &633367140
Transform:
  m_ObjectHideFlags: 0
  m_PrefabParentObject: {fileID: 4234336696970558, guid: f271449c1aa9896489d82af6760a4a99,
    type: 2}
  m_PrefabInternal: {fileID: 0}
  m_GameObject: {fileID: 633367139}
  m_LocalRotation: {x: -0, y: -0, z: -0, w: 1}
  m_LocalPosition: {x: 48.7, y: -3.3249998, z: 0.18877983}
  m_LocalScale: {x: 2.5, y: 2.5, z: 1}
  m_Children: []
  m_Father: {fileID: 1835800500}
  m_RootOrder: 1
  m_LocalEulerAnglesHint: {x: 0, y: 0, z: 0}
--- !u!114 &633367141
MonoBehaviour:
  m_ObjectHideFlags: 0
  m_PrefabParentObject: {fileID: 114076266148122612, guid: f271449c1aa9896489d82af6760a4a99,
    type: 2}
  m_PrefabInternal: {fileID: 0}
  m_GameObject: {fileID: 633367139}
  m_Enabled: 1
  m_EditorHideFlags: 0
  m_Script: {fileID: 11500000, guid: 56300955d69ffa741aca5efe9bac2a61, type: 3}
  m_Name: 
  m_EditorClassIdentifier: 
  floor: {fileID: 1643986912019326, guid: c60b19ee5b8560f4b9a4976a3acc0cb4, type: 2}
--- !u!1 &811269164
GameObject:
  m_ObjectHideFlags: 0
  m_PrefabParentObject: {fileID: 1357205023253240, guid: f271449c1aa9896489d82af6760a4a99,
    type: 2}
  m_PrefabInternal: {fileID: 0}
  serializedVersion: 5
  m_Component:
  - component: {fileID: 811269165}
  m_Layer: 0
  m_Name: spawn
  m_TagString: Untagged
  m_Icon: {fileID: 0}
  m_NavMeshLayer: 0
  m_StaticEditorFlags: 0
  m_IsActive: 1
--- !u!4 &811269165
Transform:
  m_ObjectHideFlags: 0
  m_PrefabParentObject: {fileID: 4466643336186776, guid: f271449c1aa9896489d82af6760a4a99,
    type: 2}
  m_PrefabInternal: {fileID: 0}
  m_GameObject: {fileID: 811269164}
  m_LocalRotation: {x: 0, y: 0, z: 0, w: 1}
  m_LocalPosition: {x: 2, y: -3.03, z: 0}
  m_LocalScale: {x: 1, y: 1, z: 1}
  m_Children: []
  m_Father: {fileID: 1711913568}
  m_RootOrder: 0
  m_LocalEulerAnglesHint: {x: 0, y: 0, z: 0}
--- !u!1 &960853827
GameObject:
  m_ObjectHideFlags: 0
  m_PrefabParentObject: {fileID: 1329342802632542, guid: 1459d1dca71ec9a4eb108941c2b8be85,
    type: 2}
  m_PrefabInternal: {fileID: 0}
  serializedVersion: 5
  m_Component:
  - component: {fileID: 960853828}
  - component: {fileID: 960853830}
  - component: {fileID: 960853829}
  m_Layer: 0
  m_Name: GroundCheck
  m_TagString: Untagged
  m_Icon: {fileID: 0}
  m_NavMeshLayer: 0
  m_StaticEditorFlags: 0
  m_IsActive: 1
--- !u!4 &960853828
Transform:
  m_ObjectHideFlags: 0
  m_PrefabParentObject: {fileID: 4451498135079824, guid: 1459d1dca71ec9a4eb108941c2b8be85,
    type: 2}
  m_PrefabInternal: {fileID: 0}
  m_GameObject: {fileID: 960853827}
  m_LocalRotation: {x: -0, y: -0, z: -0, w: 1}
  m_LocalPosition: {x: 0, y: -1.76, z: 0}
  m_LocalScale: {x: 1, y: 1, z: 1}
  m_Children: []
  m_Father: {fileID: 2033405284}
  m_RootOrder: 0
  m_LocalEulerAnglesHint: {x: 0, y: 0, z: 0}
--- !u!114 &960853829
MonoBehaviour:
  m_ObjectHideFlags: 0
  m_PrefabParentObject: {fileID: 114334579088824326, guid: 1459d1dca71ec9a4eb108941c2b8be85,
    type: 2}
  m_PrefabInternal: {fileID: 0}
  m_GameObject: {fileID: 960853827}
  m_Enabled: 1
  m_EditorHideFlags: 0
  m_Script: {fileID: 11500000, guid: 42765c878340d184e8632d9dd7bd15ba, type: 3}
  m_Name: 
  m_EditorClassIdentifier: 
  player: {fileID: 2033405283}
  t: {fileID: 960853828}
--- !u!61 &960853830
BoxCollider2D:
  m_ObjectHideFlags: 0
  m_PrefabParentObject: {fileID: 61605704312251994, guid: 1459d1dca71ec9a4eb108941c2b8be85,
    type: 2}
  m_PrefabInternal: {fileID: 0}
  m_GameObject: {fileID: 960853827}
  m_Enabled: 1
  m_Density: 1
  m_Material: {fileID: 0}
  m_IsTrigger: 1
  m_UsedByEffector: 0
  m_UsedByComposite: 0
  m_Offset: {x: 0.92586327, y: 0.04633057}
  m_SpriteTilingProperty:
    border: {x: 0, y: 0, z: 0, w: 0}
    pivot: {x: 0, y: 0}
    oldSize: {x: 0, y: 0}
    newSize: {x: 0, y: 0}
    adaptiveTilingThreshold: 0
    drawMode: 0
    adaptiveTiling: 0
  m_AutoTiling: 0
  serializedVersion: 2
  m_Size: {x: 1.264019, y: 0.25519013}
  m_EdgeRadius: 0
--- !u!1 &1219617690
GameObject:
  m_ObjectHideFlags: 0
  m_PrefabParentObject: {fileID: 1090426188721020, guid: 1459d1dca71ec9a4eb108941c2b8be85,
    type: 2}
  m_PrefabInternal: {fileID: 0}
  serializedVersion: 5
  m_Component:
  - component: {fileID: 1219617691}
  - component: {fileID: 1219617693}
  - component: {fileID: 1219617692}
  m_Layer: 0
  m_Name: Obstacle
  m_TagString: Untagged
  m_Icon: {fileID: 0}
  m_NavMeshLayer: 0
  m_StaticEditorFlags: 0
  m_IsActive: 1
--- !u!4 &1219617691
Transform:
  m_ObjectHideFlags: 0
  m_PrefabParentObject: {fileID: 4810334259552132, guid: 1459d1dca71ec9a4eb108941c2b8be85,
    type: 2}
  m_PrefabInternal: {fileID: 0}
  m_GameObject: {fileID: 1219617690}
  m_LocalRotation: {x: -0, y: -0, z: -0, w: 1}
  m_LocalPosition: {x: 4.6990767, y: -3.1935372, z: 0.29771233}
  m_LocalScale: {x: 0.3, y: 0.3, z: 1}
  m_Children: []
  m_Father: {fileID: 480127060}
  m_RootOrder: 3
  m_LocalEulerAnglesHint: {x: 0, y: 0, z: 0}
--- !u!61 &1219617692
BoxCollider2D:
  m_ObjectHideFlags: 0
  m_PrefabParentObject: {fileID: 61432783404056970, guid: 1459d1dca71ec9a4eb108941c2b8be85,
    type: 2}
  m_PrefabInternal: {fileID: 0}
  m_GameObject: {fileID: 1219617690}
  m_Enabled: 1
  m_Density: 1
  m_Material: {fileID: 0}
  m_IsTrigger: 0
  m_UsedByEffector: 0
  m_UsedByComposite: 0
  m_Offset: {x: 0, y: 0}
  m_SpriteTilingProperty:
    border: {x: 0, y: 0, z: 0, w: 0}
    pivot: {x: 0.5, y: 0.5}
    oldSize: {x: 3.1, y: 3.1}
    newSize: {x: 3.1, y: 3.1}
    adaptiveTilingThreshold: 0.5
    drawMode: 0
    adaptiveTiling: 0
  m_AutoTiling: 0
  serializedVersion: 2
  m_Size: {x: 3.1, y: 3.1}
  m_EdgeRadius: 0
--- !u!212 &1219617693
SpriteRenderer:
  m_ObjectHideFlags: 0
  m_PrefabParentObject: {fileID: 212169071530065736, guid: 1459d1dca71ec9a4eb108941c2b8be85,
    type: 2}
  m_PrefabInternal: {fileID: 0}
  m_GameObject: {fileID: 1219617690}
  m_Enabled: 1
  m_CastShadows: 0
  m_ReceiveShadows: 0
  m_DynamicOccludee: 1
  m_MotionVectors: 1
  m_LightProbeUsage: 1
  m_ReflectionProbeUsage: 1
  m_Materials:
  - {fileID: 10754, guid: 0000000000000000f000000000000000, type: 0}
  m_StaticBatchInfo:
    firstSubMesh: 0
    subMeshCount: 0
  m_StaticBatchRoot: {fileID: 0}
  m_ProbeAnchor: {fileID: 0}
  m_LightProbeVolumeOverride: {fileID: 0}
  m_ScaleInLightmap: 1
  m_PreserveUVs: 0
  m_IgnoreNormalsForChartDetection: 0
  m_ImportantGI: 0
  m_StitchLightmapSeams: 0
  m_SelectedEditorRenderState: 0
  m_MinimumChartSize: 4
  m_AutoUVMaxDistance: 0.5
  m_AutoUVMaxAngle: 89
  m_LightmapParameters: {fileID: 0}
  m_SortingLayerID: 0
  m_SortingLayer: 0
  m_SortingOrder: 0
  m_Sprite: {fileID: 21300000, guid: 7b797e3416404dc42b7f7fd7a299f9c0, type: 3}
  m_Color: {r: 1, g: 1, b: 1, a: 1}
  m_FlipX: 0
  m_FlipY: 0
  m_DrawMode: 0
  m_Size: {x: 3.1, y: 3.1}
  m_AdaptiveModeThreshold: 0.5
  m_SpriteTileMode: 0
  m_WasSpriteAssigned: 1
  m_MaskInteraction: 0
--- !u!1 &1310911951
GameObject:
  m_ObjectHideFlags: 0
  m_PrefabParentObject: {fileID: 1656053636231300, guid: f271449c1aa9896489d82af6760a4a99,
    type: 2}
  m_PrefabInternal: {fileID: 0}
  serializedVersion: 5
  m_Component:
  - component: {fileID: 1310911952}
  m_Layer: 0
  m_Name: spawn2
  m_TagString: Untagged
  m_Icon: {fileID: 0}
  m_NavMeshLayer: 0
  m_StaticEditorFlags: 0
  m_IsActive: 1
--- !u!4 &1310911952
Transform:
  m_ObjectHideFlags: 0
  m_PrefabParentObject: {fileID: 4208285161308402, guid: f271449c1aa9896489d82af6760a4a99,
    type: 2}
  m_PrefabInternal: {fileID: 0}
  m_GameObject: {fileID: 1310911951}
  m_LocalRotation: {x: 0, y: 0, z: 0, w: 1}
  m_LocalPosition: {x: 8.77, y: -3.38, z: 0}
  m_LocalScale: {x: 1, y: 1, z: 1}
  m_Children: []
  m_Father: {fileID: 1711913568}
  m_RootOrder: 2
  m_LocalEulerAnglesHint: {x: 0, y: 0, z: 0}
--- !u!1 &1486095532
GameObject:
  m_ObjectHideFlags: 0
  m_PrefabParentObject: {fileID: 1238271301869670, guid: 1459d1dca71ec9a4eb108941c2b8be85,
    type: 2}
  m_PrefabInternal: {fileID: 0}
  serializedVersion: 5
  m_Component:
  - component: {fileID: 1486095533}
  m_Layer: 0
  m_Name: spawn
  m_TagString: Untagged
  m_Icon: {fileID: 0}
  m_NavMeshLayer: 0
  m_StaticEditorFlags: 0
  m_IsActive: 1
--- !u!4 &1486095533
Transform:
  m_ObjectHideFlags: 0
  m_PrefabParentObject: {fileID: 4245696221758576, guid: 1459d1dca71ec9a4eb108941c2b8be85,
    type: 2}
  m_PrefabInternal: {fileID: 0}
  m_GameObject: {fileID: 1486095532}
  m_LocalRotation: {x: 0, y: 0, z: 0, w: 1}
  m_LocalPosition: {x: 2, y: -3.03, z: 0}
  m_LocalScale: {x: 1, y: 1, z: 1}
  m_Children: []
  m_Father: {fileID: 2087456867}
  m_RootOrder: 0
  m_LocalEulerAnglesHint: {x: 0, y: 0, z: 0}
--- !u!1 &1572019683
GameObject:
  m_ObjectHideFlags: 0
  m_PrefabParentObject: {fileID: 0}
  m_PrefabInternal: {fileID: 0}
  serializedVersion: 5
  m_Component:
  - component: {fileID: 1572019687}
  - component: {fileID: 1572019686}
  - component: {fileID: 1572019684}
  - component: {fileID: 1572019688}
  m_Layer: 0
  m_Name: SecondArea
  m_TagString: Untagged
  m_Icon: {fileID: 0}
  m_NavMeshLayer: 0
  m_StaticEditorFlags: 0
  m_IsActive: 1
--- !u!50 &1572019684
Rigidbody2D:
  serializedVersion: 4
  m_ObjectHideFlags: 0
  m_PrefabParentObject: {fileID: 0}
  m_PrefabInternal: {fileID: 0}
  m_GameObject: {fileID: 1572019683}
  m_BodyType: 0
  m_Simulated: 1
  m_UseFullKinematicContacts: 0
  m_UseAutoMass: 0
  m_Mass: 1
  m_LinearDrag: 0
  m_AngularDrag: 0.05
  m_GravityScale: 0
  m_Material: {fileID: 0}
  m_Interpolate: 0
  m_SleepingMode: 1
  m_CollisionDetection: 0
  m_Constraints: 0
--- !u!61 &1572019686
BoxCollider2D:
  m_ObjectHideFlags: 0
  m_PrefabParentObject: {fileID: 0}
  m_PrefabInternal: {fileID: 0}
  m_GameObject: {fileID: 1572019683}
  m_Enabled: 1
  m_Density: 1
  m_Material: {fileID: 0}
  m_IsTrigger: 1
  m_UsedByEffector: 0
  m_UsedByComposite: 0
  m_Offset: {x: -0.30706012, y: 3.6847267}
  m_SpriteTilingProperty:
    border: {x: 0, y: 0, z: 0, w: 0}
    pivot: {x: 0, y: 0}
    oldSize: {x: 0, y: 0}
    newSize: {x: 0, y: 0}
    adaptiveTilingThreshold: 0
    drawMode: 0
    adaptiveTiling: 0
  m_AutoTiling: 0
  serializedVersion: 2
  m_Size: {x: 2.6888368, y: 18.041882}
  m_EdgeRadius: 0
--- !u!4 &1572019687
Transform:
  m_ObjectHideFlags: 0
  m_PrefabParentObject: {fileID: 0}
  m_PrefabInternal: {fileID: 0}
  m_GameObject: {fileID: 1572019683}
  m_LocalRotation: {x: 0, y: 0, z: 0, w: 1}
  m_LocalPosition: {x: -5.88, y: -8.54, z: -9.868812}
  m_LocalScale: {x: 1, y: 1, z: 1}
  m_Children: []
  m_Father: {fileID: 0}
  m_RootOrder: 4
  m_LocalEulerAnglesHint: {x: 0, y: 0, z: 0}
--- !u!114 &1572019688
MonoBehaviour:
  m_ObjectHideFlags: 0
  m_PrefabParentObject: {fileID: 0}
  m_PrefabInternal: {fileID: 0}
  m_GameObject: {fileID: 1572019683}
  m_Enabled: 1
  m_EditorHideFlags: 0
  m_Script: {fileID: 11500000, guid: e46e5fabcae420c46ac45c69a6b25f0a, type: 3}
  m_Name: 
  m_EditorClassIdentifier: 
  playerInside: 0
  playerTwoInside: 0
--- !u!20 &1661837874
Camera:
  m_ObjectHideFlags: 0
  m_PrefabParentObject: {fileID: 20521644811531828, guid: 1459d1dca71ec9a4eb108941c2b8be85,
    type: 2}
  m_PrefabInternal: {fileID: 0}
  m_GameObject: {fileID: 24811405}
  m_Enabled: 1
  serializedVersion: 2
  m_ClearFlags: 1
  m_BackGroundColor: {r: 0.19215687, g: 0.3019608, b: 0.4745098, a: 0}
  m_NormalizedViewPortRect:
    serializedVersion: 2
    x: 0
    y: 0
    width: 1
    height: 0.5
  near clip plane: 0.3
  far clip plane: 1000
  field of view: 60
  orthographic: 1
  orthographic size: 4.389924
  m_Depth: -1
  m_CullingMask:
    serializedVersion: 2
    m_Bits: 4294967295
  m_RenderingPath: -1
  m_TargetTexture: {fileID: 0}
  m_TargetDisplay: 0
  m_TargetEye: 3
  m_HDR: 1
  m_AllowMSAA: 1
  m_ForceIntoRT: 0
  m_OcclusionCulling: 1
  m_StereoConvergence: 10
  m_StereoSeparation: 0.022
--- !u!1 &1711913567
GameObject:
  m_ObjectHideFlags: 0
  m_PrefabParentObject: {fileID: 1645602030897290, guid: f271449c1aa9896489d82af6760a4a99,
    type: 2}
  m_PrefabInternal: {fileID: 0}
  serializedVersion: 5
  m_Component:
  - component: {fileID: 1711913568}
  - component: {fileID: 1711913569}
  m_Layer: 0
  m_Name: Spawner
  m_TagString: Spawner
  m_Icon: {fileID: 0}
  m_NavMeshLayer: 0
  m_StaticEditorFlags: 0
  m_IsActive: 1
--- !u!4 &1711913568
Transform:
  m_ObjectHideFlags: 0
  m_PrefabParentObject: {fileID: 4076313133340814, guid: f271449c1aa9896489d82af6760a4a99,
    type: 2}
  m_PrefabInternal: {fileID: 0}
  m_GameObject: {fileID: 1711913567}
  m_LocalRotation: {x: -0, y: -0, z: -0, w: 1}
  m_LocalPosition: {x: 12.909078, y: -0.17353725, z: 0.110212326}
  m_LocalScale: {x: 1, y: 1, z: 1}
  m_Children:
  - {fileID: 811269165}
  - {fileID: 517078832}
  - {fileID: 1310911952}
  m_Father: {fileID: 1785157789}
  m_RootOrder: 2
  m_LocalEulerAnglesHint: {x: 0, y: 0, z: 0}
--- !u!114 &1711913569
MonoBehaviour:
  m_ObjectHideFlags: 0
  m_PrefabParentObject: {fileID: 114988180037451582, guid: f271449c1aa9896489d82af6760a4a99,
    type: 2}
  m_PrefabInternal: {fileID: 0}
  m_GameObject: {fileID: 1711913567}
  m_Enabled: 1
  m_EditorHideFlags: 0
  m_Script: {fileID: 11500000, guid: 735b37f16e3f86448acd6f516f4220c4, type: 3}
  m_Name: 
  m_EditorClassIdentifier: 
  spawn:
  - {fileID: 811269164}
  - {fileID: 517078831}
  - {fileID: 1310911951}
  resources:
  - {fileID: 1714586479820532, guid: 58cddef372d1b9e448982414eb405508, type: 2}
  minSpawnRate: 1.5
  maxSpawnRate: 2.5
--- !u!1 &1785157788
GameObject:
  m_ObjectHideFlags: 0
  m_PrefabParentObject: {fileID: 1445384386484414, guid: f271449c1aa9896489d82af6760a4a99,
    type: 2}
  m_PrefabInternal: {fileID: 0}
  serializedVersion: 5
  m_Component:
  - component: {fileID: 1785157789}
  m_Layer: 0
  m_Name: PlayerOne
  m_TagString: Untagged
  m_Icon: {fileID: 0}
  m_NavMeshLayer: 0
  m_StaticEditorFlags: 0
  m_IsActive: 1
--- !u!4 &1785157789
Transform:
  m_ObjectHideFlags: 0
  m_PrefabParentObject: {fileID: 4839793255143030, guid: f271449c1aa9896489d82af6760a4a99,
    type: 2}
  m_PrefabInternal: {fileID: 0}
  m_GameObject: {fileID: 1785157788}
  m_LocalRotation: {x: 0, y: 0, z: 0, w: 1}
  m_LocalPosition: {x: -5.7790766, y: 0.113537304, z: -10.110212}
  m_LocalScale: {x: 1, y: 1, z: 1}
  m_Children:
  - {fileID: 179318191}
  - {fileID: 1835800500}
  - {fileID: 1711913568}
  - {fileID: 464639948}
  - {fileID: 2013971965}
  m_Father: {fileID: 0}
  m_RootOrder: 1
  m_LocalEulerAnglesHint: {x: 0, y: 0, z: 0}
--- !u!1 &1835800499
GameObject:
  m_ObjectHideFlags: 0
  m_PrefabParentObject: {fileID: 1096261899195510, guid: f271449c1aa9896489d82af6760a4a99,
    type: 2}
  m_PrefabInternal: {fileID: 0}
  serializedVersion: 5
  m_Component:
  - component: {fileID: 1835800500}
  - component: {fileID: 1835800504}
  - component: {fileID: 1835800503}
  - component: {fileID: 1835800502}
  - component: {fileID: 1835800501}
  m_Layer: 0
  m_Name: Player
  m_TagString: Player
  m_Icon: {fileID: 0}
  m_NavMeshLayer: 0
  m_StaticEditorFlags: 0
  m_IsActive: 1
--- !u!4 &1835800500
Transform:
  m_ObjectHideFlags: 0
  m_PrefabParentObject: {fileID: 4044541349483850, guid: f271449c1aa9896489d82af6760a4a99,
    type: 2}
  m_PrefabInternal: {fileID: 0}
  m_GameObject: {fileID: 1835800499}
  m_LocalRotation: {x: -0, y: -0, z: -0, w: 1}
  m_LocalPosition: {x: 6.29, y: -3.0535374, z: 0.110212326}
  m_LocalScale: {x: 0.4, y: 0.4, z: 1}
  m_Children:
  - {fileID: 2094380930}
  - {fileID: 633367140}
  m_Father: {fileID: 1785157789}
  m_RootOrder: 1
  m_LocalEulerAnglesHint: {x: 0, y: 0, z: 0}
--- !u!50 &1835800501
Rigidbody2D:
  serializedVersion: 4
  m_ObjectHideFlags: 0
  m_PrefabParentObject: {fileID: 50306101029788014, guid: f271449c1aa9896489d82af6760a4a99,
    type: 2}
  m_PrefabInternal: {fileID: 0}
  m_GameObject: {fileID: 1835800499}
  m_BodyType: 0
  m_Simulated: 1
  m_UseFullKinematicContacts: 0
  m_UseAutoMass: 0
  m_Mass: 0.5
  m_LinearDrag: 0
  m_AngularDrag: 0.05
  m_GravityScale: 1
  m_Material: {fileID: 0}
  m_Interpolate: 0
  m_SleepingMode: 1
  m_CollisionDetection: 0
  m_Constraints: 4
--- !u!61 &1835800502
BoxCollider2D:
  m_ObjectHideFlags: 0
  m_PrefabParentObject: {fileID: 61117323914405846, guid: f271449c1aa9896489d82af6760a4a99,
    type: 2}
  m_PrefabInternal: {fileID: 0}
  m_GameObject: {fileID: 1835800499}
  m_Enabled: 1
  m_Density: 1
  m_Material: {fileID: 0}
  m_IsTrigger: 0
  m_UsedByEffector: 0
  m_UsedByComposite: 0
  m_Offset: {x: 0, y: 0}
  m_SpriteTilingProperty:
    border: {x: 0, y: 0, z: 0, w: 0}
    pivot: {x: 0.5, y: 0.5}
    oldSize: {x: 3.1, y: 3.1}
    newSize: {x: 3.1, y: 3.1}
    adaptiveTilingThreshold: 0.5
    drawMode: 0
    adaptiveTiling: 0
  m_AutoTiling: 0
  serializedVersion: 2
  m_Size: {x: 3.1, y: 3.1}
  m_EdgeRadius: 0
--- !u!114 &1835800503
MonoBehaviour:
  m_ObjectHideFlags: 0
  m_PrefabParentObject: {fileID: 114790257740581482, guid: f271449c1aa9896489d82af6760a4a99,
    type: 2}
  m_PrefabInternal: {fileID: 0}
  m_GameObject: {fileID: 1835800499}
  m_Enabled: 1
  m_EditorHideFlags: 0
  m_Script: {fileID: 11500000, guid: 0d709f36e7adc5c43ae7c782a49ceaf1, type: 3}
  m_Name: 
  m_EditorClassIdentifier: 
  player: {fileID: 1835800501}
  speed: 10
  jumpForce: 175
  positionX: 0
  grounded: 1
--- !u!212 &1835800504
SpriteRenderer:
  m_ObjectHideFlags: 0
  m_PrefabParentObject: {fileID: 212771201683662810, guid: f271449c1aa9896489d82af6760a4a99,
    type: 2}
  m_PrefabInternal: {fileID: 0}
  m_GameObject: {fileID: 1835800499}
  m_Enabled: 1
  m_CastShadows: 0
  m_ReceiveShadows: 0
  m_DynamicOccludee: 1
  m_MotionVectors: 1
  m_LightProbeUsage: 1
  m_ReflectionProbeUsage: 1
  m_Materials:
  - {fileID: 10754, guid: 0000000000000000f000000000000000, type: 0}
  m_StaticBatchInfo:
    firstSubMesh: 0
    subMeshCount: 0
  m_StaticBatchRoot: {fileID: 0}
  m_ProbeAnchor: {fileID: 0}
  m_LightProbeVolumeOverride: {fileID: 0}
  m_ScaleInLightmap: 1
  m_PreserveUVs: 0
  m_IgnoreNormalsForChartDetection: 0
  m_ImportantGI: 0
  m_StitchLightmapSeams: 0
  m_SelectedEditorRenderState: 0
  m_MinimumChartSize: 4
  m_AutoUVMaxDistance: 0.5
  m_AutoUVMaxAngle: 89
  m_LightmapParameters: {fileID: 0}
  m_SortingLayerID: 0
  m_SortingLayer: 0
  m_SortingOrder: 0
  m_Sprite: {fileID: 21300000, guid: 7b797e3416404dc42b7f7fd7a299f9c0, type: 3}
  m_Color: {r: 1, g: 1, b: 1, a: 1}
  m_FlipX: 0
  m_FlipY: 0
  m_DrawMode: 0
  m_Size: {x: 3.1, y: 3.1}
  m_AdaptiveModeThreshold: 0.5
  m_SpriteTileMode: 0
  m_WasSpriteAssigned: 1
  m_MaskInteraction: 0
--- !u!1 &2013971964
GameObject:
  m_ObjectHideFlags: 0
  m_PrefabParentObject: {fileID: 1083075527880590, guid: f271449c1aa9896489d82af6760a4a99,
    type: 2}
  m_PrefabInternal: {fileID: 0}
  serializedVersion: 5
  m_Component:
  - component: {fileID: 2013971965}
  - component: {fileID: 2013971967}
  - component: {fileID: 2013971966}
  m_Layer: 0
  m_Name: Floor
  m_TagString: Floor
  m_Icon: {fileID: 0}
  m_NavMeshLayer: 0
  m_StaticEditorFlags: 0
  m_IsActive: 1
--- !u!4 &2013971965
Transform:
  m_ObjectHideFlags: 0
  m_PrefabParentObject: {fileID: 4581901494972628, guid: f271449c1aa9896489d82af6760a4a99,
    type: 2}
  m_PrefabInternal: {fileID: 0}
  m_GameObject: {fileID: 2013971964}
  m_LocalRotation: {x: -0, y: -0, z: -0, w: 1}
  m_LocalPosition: {x: 5.7790766, y: -4.3235373, z: 0.110212326}
  m_LocalScale: {x: 8, y: 0.5, z: 1}
  m_Children: []
  m_Father: {fileID: 1785157789}
  m_RootOrder: 4
  m_LocalEulerAnglesHint: {x: 0, y: 0, z: 0}
--- !u!61 &2013971966
BoxCollider2D:
  m_ObjectHideFlags: 0
  m_PrefabParentObject: {fileID: 61988113801679288, guid: f271449c1aa9896489d82af6760a4a99,
    type: 2}
  m_PrefabInternal: {fileID: 0}
  m_GameObject: {fileID: 2013971964}
  m_Enabled: 1
  m_Density: 1
  m_Material: {fileID: 0}
  m_IsTrigger: 0
  m_UsedByEffector: 0
  m_UsedByComposite: 0
  m_Offset: {x: 0.025671482, y: 0}
  m_SpriteTilingProperty:
    border: {x: 0, y: 0, z: 0, w: 0}
    pivot: {x: 0.5, y: 0.5}
    oldSize: {x: 2.5, y: 2.5}
    newSize: {x: 2.5, y: 2.5}
    adaptiveTilingThreshold: 0.5
    drawMode: 0
    adaptiveTiling: 0
  m_AutoTiling: 0
  serializedVersion: 2
  m_Size: {x: 2.448657, y: 2.5}
  m_EdgeRadius: 0
--- !u!212 &2013971967
SpriteRenderer:
  m_ObjectHideFlags: 0
  m_PrefabParentObject: {fileID: 212614673312336172, guid: f271449c1aa9896489d82af6760a4a99,
    type: 2}
  m_PrefabInternal: {fileID: 0}
  m_GameObject: {fileID: 2013971964}
  m_Enabled: 1
  m_CastShadows: 0
  m_ReceiveShadows: 0
  m_DynamicOccludee: 1
  m_MotionVectors: 1
  m_LightProbeUsage: 1
  m_ReflectionProbeUsage: 1
  m_Materials:
  - {fileID: 10754, guid: 0000000000000000f000000000000000, type: 0}
  m_StaticBatchInfo:
    firstSubMesh: 0
    subMeshCount: 0
  m_StaticBatchRoot: {fileID: 0}
  m_ProbeAnchor: {fileID: 0}
  m_LightProbeVolumeOverride: {fileID: 0}
  m_ScaleInLightmap: 1
  m_PreserveUVs: 0
  m_IgnoreNormalsForChartDetection: 0
  m_ImportantGI: 0
  m_StitchLightmapSeams: 0
  m_SelectedEditorRenderState: 0
  m_MinimumChartSize: 4
  m_AutoUVMaxDistance: 0.5
  m_AutoUVMaxAngle: 89
  m_LightmapParameters: {fileID: 0}
  m_SortingLayerID: 0
  m_SortingLayer: 0
  m_SortingOrder: 0
  m_Sprite: {fileID: 21300000, guid: 28577c8f2d8028349a40c6581b20fdcb, type: 3}
  m_Color: {r: 1, g: 1, b: 1, a: 1}
  m_FlipX: 0
  m_FlipY: 0
  m_DrawMode: 0
  m_Size: {x: 2.5, y: 2.5}
  m_AdaptiveModeThreshold: 0.5
  m_SpriteTileMode: 0
  m_WasSpriteAssigned: 1
  m_MaskInteraction: 0
--- !u!1 &2033405283
GameObject:
  m_ObjectHideFlags: 0
  m_PrefabParentObject: {fileID: 1738130367297674, guid: 1459d1dca71ec9a4eb108941c2b8be85,
    type: 2}
  m_PrefabInternal: {fileID: 0}
  serializedVersion: 5
  m_Component:
  - component: {fileID: 2033405284}
  - component: {fileID: 2033405288}
  - component: {fileID: 2033405287}
  - component: {fileID: 2033405286}
  - component: {fileID: 2033405285}
  m_Layer: 0
  m_Name: Player
  m_TagString: Player
  m_Icon: {fileID: 0}
  m_NavMeshLayer: 0
  m_StaticEditorFlags: 0
  m_IsActive: 1
--- !u!4 &2033405284
Transform:
  m_ObjectHideFlags: 0
  m_PrefabParentObject: {fileID: 4434580022865620, guid: 1459d1dca71ec9a4eb108941c2b8be85,
    type: 2}
  m_PrefabInternal: {fileID: 0}
  m_GameObject: {fileID: 2033405283}
  m_LocalRotation: {x: -0, y: -0, z: -0, w: 1}
  m_LocalPosition: {x: 6.49, y: -3.0535374, z: 0.110212326}
  m_LocalScale: {x: 0.4, y: 0.4, z: 1}
  m_Children:
  - {fileID: 960853828}
  - {fileID: 528388376}
  m_Father: {fileID: 480127060}
  m_RootOrder: 1
  m_LocalEulerAnglesHint: {x: 0, y: 0, z: 0}
--- !u!50 &2033405285
Rigidbody2D:
  serializedVersion: 4
  m_ObjectHideFlags: 0
  m_PrefabParentObject: {fileID: 50531523606285764, guid: 1459d1dca71ec9a4eb108941c2b8be85,
    type: 2}
  m_PrefabInternal: {fileID: 0}
  m_GameObject: {fileID: 2033405283}
  m_BodyType: 0
  m_Simulated: 1
  m_UseFullKinematicContacts: 0
  m_UseAutoMass: 0
  m_Mass: 0.5
  m_LinearDrag: 0
  m_AngularDrag: 0.05
  m_GravityScale: 1
  m_Material: {fileID: 0}
  m_Interpolate: 0
  m_SleepingMode: 1
  m_CollisionDetection: 0
  m_Constraints: 4
--- !u!61 &2033405286
BoxCollider2D:
  m_ObjectHideFlags: 0
  m_PrefabParentObject: {fileID: 61241557490065328, guid: 1459d1dca71ec9a4eb108941c2b8be85,
    type: 2}
  m_PrefabInternal: {fileID: 0}
  m_GameObject: {fileID: 2033405283}
  m_Enabled: 1
  m_Density: 1
  m_Material: {fileID: 0}
  m_IsTrigger: 0
  m_UsedByEffector: 0
  m_UsedByComposite: 0
  m_Offset: {x: 0, y: 0}
  m_SpriteTilingProperty:
    border: {x: 0, y: 0, z: 0, w: 0}
    pivot: {x: 0.5, y: 0.5}
    oldSize: {x: 3.1, y: 3.1}
    newSize: {x: 3.1, y: 3.1}
    adaptiveTilingThreshold: 0.5
    drawMode: 0
    adaptiveTiling: 0
  m_AutoTiling: 0
  serializedVersion: 2
  m_Size: {x: 3.1, y: 3.1}
  m_EdgeRadius: 0
--- !u!114 &2033405287
MonoBehaviour:
  m_ObjectHideFlags: 0
  m_PrefabParentObject: {fileID: 114066737401575302, guid: 1459d1dca71ec9a4eb108941c2b8be85,
    type: 2}
  m_PrefabInternal: {fileID: 0}
  m_GameObject: {fileID: 2033405283}
  m_Enabled: 1
  m_EditorHideFlags: 0
  m_Script: {fileID: 11500000, guid: 0d709f36e7adc5c43ae7c782a49ceaf1, type: 3}
  m_Name: 
  m_EditorClassIdentifier: 
  player: {fileID: 2033405285}
  speed: 10
  jumpForce: 175
  positionX: 0
  grounded: 1
--- !u!212 &2033405288
SpriteRenderer:
  m_ObjectHideFlags: 0
  m_PrefabParentObject: {fileID: 212798208279439448, guid: 1459d1dca71ec9a4eb108941c2b8be85,
    type: 2}
  m_PrefabInternal: {fileID: 0}
  m_GameObject: {fileID: 2033405283}
  m_Enabled: 1
  m_CastShadows: 0
  m_ReceiveShadows: 0
  m_DynamicOccludee: 1
  m_MotionVectors: 1
  m_LightProbeUsage: 1
  m_ReflectionProbeUsage: 1
  m_Materials:
  - {fileID: 10754, guid: 0000000000000000f000000000000000, type: 0}
  m_StaticBatchInfo:
    firstSubMesh: 0
    subMeshCount: 0
  m_StaticBatchRoot: {fileID: 0}
  m_ProbeAnchor: {fileID: 0}
  m_LightProbeVolumeOverride: {fileID: 0}
  m_ScaleInLightmap: 1
  m_PreserveUVs: 0
  m_IgnoreNormalsForChartDetection: 0
  m_ImportantGI: 0
  m_StitchLightmapSeams: 0
  m_SelectedEditorRenderState: 0
  m_MinimumChartSize: 4
  m_AutoUVMaxDistance: 0.5
  m_AutoUVMaxAngle: 89
  m_LightmapParameters: {fileID: 0}
  m_SortingLayerID: 0
  m_SortingLayer: 0
  m_SortingOrder: 0
  m_Sprite: {fileID: 21300000, guid: 7b797e3416404dc42b7f7fd7a299f9c0, type: 3}
  m_Color: {r: 1, g: 1, b: 1, a: 1}
  m_FlipX: 0
  m_FlipY: 0
  m_DrawMode: 0
  m_Size: {x: 3.1, y: 3.1}
  m_AdaptiveModeThreshold: 0.5
  m_SpriteTileMode: 0
  m_WasSpriteAssigned: 1
  m_MaskInteraction: 0
--- !u!1 &2087456866
GameObject:
  m_ObjectHideFlags: 0
  m_PrefabParentObject: {fileID: 1191260222977518, guid: 1459d1dca71ec9a4eb108941c2b8be85,
    type: 2}
  m_PrefabInternal: {fileID: 0}
  serializedVersion: 5
  m_Component:
  - component: {fileID: 2087456867}
  - component: {fileID: 2087456868}
  m_Layer: 0
  m_Name: Spawner
  m_TagString: Spawner
  m_Icon: {fileID: 0}
  m_NavMeshLayer: 0
  m_StaticEditorFlags: 0
  m_IsActive: 1
--- !u!4 &2087456867
Transform:
  m_ObjectHideFlags: 0
  m_PrefabParentObject: {fileID: 4073091177670690, guid: 1459d1dca71ec9a4eb108941c2b8be85,
    type: 2}
  m_PrefabInternal: {fileID: 0}
  m_GameObject: {fileID: 2087456866}
  m_LocalRotation: {x: -0, y: -0, z: -0, w: 1}
  m_LocalPosition: {x: 12.909078, y: -0.17353725, z: 0.110212326}
  m_LocalScale: {x: 1, y: 1, z: 1}
  m_Children:
  - {fileID: 1486095533}
  - {fileID: 279577492}
  - {fileID: 2107334852}
  m_Father: {fileID: 480127060}
  m_RootOrder: 2
  m_LocalEulerAnglesHint: {x: 0, y: 0, z: 0}
--- !u!114 &2087456868
MonoBehaviour:
  m_ObjectHideFlags: 0
  m_PrefabParentObject: {fileID: 114945452976195168, guid: 1459d1dca71ec9a4eb108941c2b8be85,
    type: 2}
  m_PrefabInternal: {fileID: 0}
  m_GameObject: {fileID: 2087456866}
  m_Enabled: 1
  m_EditorHideFlags: 0
  m_Script: {fileID: 11500000, guid: 735b37f16e3f86448acd6f516f4220c4, type: 3}
  m_Name: 
  m_EditorClassIdentifier: 
  spawn:
  - {fileID: 1486095532}
  - {fileID: 279577491}
  - {fileID: 2107334851}
  resources:
  - {fileID: 1714586479820532, guid: 58cddef372d1b9e448982414eb405508, type: 2}
  minSpawnRate: 1.5
  maxSpawnRate: 2.5
--- !u!1 &2094380929
GameObject:
  m_ObjectHideFlags: 0
  m_PrefabParentObject: {fileID: 1395008969899074, guid: f271449c1aa9896489d82af6760a4a99,
    type: 2}
  m_PrefabInternal: {fileID: 0}
  serializedVersion: 5
  m_Component:
  - component: {fileID: 2094380930}
  - component: {fileID: 2094380932}
  - component: {fileID: 2094380931}
  m_Layer: 0
  m_Name: GroundCheck
  m_TagString: Untagged
  m_Icon: {fileID: 0}
  m_NavMeshLayer: 0
  m_StaticEditorFlags: 0
  m_IsActive: 1
--- !u!4 &2094380930
Transform:
  m_ObjectHideFlags: 0
  m_PrefabParentObject: {fileID: 4405289209100874, guid: f271449c1aa9896489d82af6760a4a99,
    type: 2}
  m_PrefabInternal: {fileID: 0}
  m_GameObject: {fileID: 2094380929}
  m_LocalRotation: {x: -0, y: -0, z: -0, w: 1}
  m_LocalPosition: {x: 0, y: -1.76, z: 0}
  m_LocalScale: {x: 1, y: 1, z: 1}
  m_Children: []
  m_Father: {fileID: 1835800500}
  m_RootOrder: 0
  m_LocalEulerAnglesHint: {x: 0, y: 0, z: 0}
--- !u!114 &2094380931
MonoBehaviour:
  m_ObjectHideFlags: 0
  m_PrefabParentObject: {fileID: 114807529323827866, guid: f271449c1aa9896489d82af6760a4a99,
    type: 2}
  m_PrefabInternal: {fileID: 0}
  m_GameObject: {fileID: 2094380929}
  m_Enabled: 1
  m_EditorHideFlags: 0
  m_Script: {fileID: 11500000, guid: 42765c878340d184e8632d9dd7bd15ba, type: 3}
  m_Name: 
  m_EditorClassIdentifier: 
  player: {fileID: 1835800499}
  t: {fileID: 2094380930}
--- !u!61 &2094380932
BoxCollider2D:
  m_ObjectHideFlags: 0
  m_PrefabParentObject: {fileID: 61200065437829056, guid: f271449c1aa9896489d82af6760a4a99,
    type: 2}
  m_PrefabInternal: {fileID: 0}
  m_GameObject: {fileID: 2094380929}
  m_Enabled: 1
  m_Density: 1
  m_Material: {fileID: 0}
  m_IsTrigger: 1
  m_UsedByEffector: 0
  m_UsedByComposite: 0
  m_Offset: {x: 0.92586327, y: 0.04633057}
  m_SpriteTilingProperty:
    border: {x: 0, y: 0, z: 0, w: 0}
    pivot: {x: 0, y: 0}
    oldSize: {x: 0, y: 0}
    newSize: {x: 0, y: 0}
    adaptiveTilingThreshold: 0
    drawMode: 0
    adaptiveTiling: 0
  m_AutoTiling: 0
  serializedVersion: 2
  m_Size: {x: 1.264019, y: 0.25519013}
  m_EdgeRadius: 0
--- !u!1 &2107334851
GameObject:
  m_ObjectHideFlags: 0
  m_PrefabParentObject: {fileID: 1370669674670958, guid: 1459d1dca71ec9a4eb108941c2b8be85,
    type: 2}
  m_PrefabInternal: {fileID: 0}
  serializedVersion: 5
  m_Component:
  - component: {fileID: 2107334852}
  m_Layer: 0
  m_Name: spawn2
  m_TagString: Untagged
  m_Icon: {fileID: 0}
  m_NavMeshLayer: 0
  m_StaticEditorFlags: 0
  m_IsActive: 1
--- !u!4 &2107334852
Transform:
  m_ObjectHideFlags: 0
  m_PrefabParentObject: {fileID: 4983238370675492, guid: 1459d1dca71ec9a4eb108941c2b8be85,
    type: 2}
  m_PrefabInternal: {fileID: 0}
  m_GameObject: {fileID: 2107334851}
  m_LocalRotation: {x: 0, y: 0, z: 0, w: 1}
  m_LocalPosition: {x: 8.77, y: -3.38, z: 0}
  m_LocalScale: {x: 1, y: 1, z: 1}
  m_Children: []
  m_Father: {fileID: 2087456867}
  m_RootOrder: 2
  m_LocalEulerAnglesHint: {x: 0, y: 0, z: 0}
--- !u!20 &2112075429
Camera:
  m_ObjectHideFlags: 0
  m_PrefabParentObject: {fileID: 20312033660720538, guid: f271449c1aa9896489d82af6760a4a99,
    type: 2}
  m_PrefabInternal: {fileID: 0}
  m_GameObject: {fileID: 179318190}
  m_Enabled: 1
  serializedVersion: 2
  m_ClearFlags: 1
  m_BackGroundColor: {r: 0.19215687, g: 0.3019608, b: 0.4745098, a: 0}
  m_NormalizedViewPortRect:
    serializedVersion: 2
    x: 0
    y: 0.5
    width: 1
    height: 0.5
  near clip plane: 0.3
  far clip plane: 1000
  field of view: 60
  orthographic: 1
  orthographic size: 4.389924
  m_Depth: -1
  m_CullingMask:
    serializedVersion: 2
    m_Bits: 4294967295
  m_RenderingPath: -1
  m_TargetTexture: {fileID: 0}
  m_TargetDisplay: 0
  m_TargetEye: 3
  m_HDR: 1
  m_AllowMSAA: 1
  m_ForceIntoRT: 0
  m_OcclusionCulling: 1
  m_StereoConvergence: 10
  m_StereoSeparation: 0.022
